@inproceedings{Forward:2002:RSD:585058.585065,
 author = {Forward, Andrew and Lethbridge, Timothy C.},
 title = {The Relevance of Software Documentation, Tools and Technologies: A Survey},
 booktitle = {Proceedings of the 2002 ACM Symposium on Document Engineering},
 series = {DocEng '02},
 year = {2002},
 isbn = {1-58113-594-7},
 location = {McLean, Virginia, USA},
 pages = {26--33},
 numpages = {8},
 url = {http://doi.acm.org/10.1145/585058.585065},
 doi = {10.1145/585058.585065},
 acmid = {585065},
 publisher = {ACM},
 address = {New York, NY, USA},
 keywords = {documentation relevance, documentation survey, documentation technologies, program comprehension, software documentation, software engineering, software maintenance},
}

@book{van2003introduction,
  title={An introduction to Python},
  author={Van Rossum, Guido and Drake, Fred L},
  year={2003},
  publisher={Network Theory Ltd. Bristol}
}

@article{brandl2009sphinx,
  title={Sphinx: Python documentation generator},
  author={Brandl, Georg and others},
  journal={URL: http://sphinx. pocoo. org/index. html (13.8. 2012)},
  year={2009}
}

@inproceedings{kluyver2016jupyter,
  title={Jupyter Notebooks-a publishing format for reproducible computational workflows.},
  author={Kluyver, Thomas and Ragan-Kelley, Benjamin and P{\'e}rez, Fernando and Granger, Brian E and Bussonnier, Matthias and Frederic, Jonathan and Kelley, Kyle and Hamrick, Jessica B and Grout, Jason and Corlay, Sylvain and others},
  booktitle={ELPUB},
  pages={87--90},
  year={2016}
}

@misc{gruber2004markdown,
  title={Markdown language},
  author={Gruber, John},
  year={2004}
}
